% Encoding: UTF-8

@Book{Pinedo:2012,
  title     = {{Scheduling - Theory, Algorithms, and Systems}},
  publisher = {Springer-Verlag New York},
  year      = {2012},
  author    = {Pinedo, Michael L.},
  edition   = {4},
  doi       = {10.1007/978-1-4614-2361-4},
}

@Article{Singh94,
  author    = {Ambuj K. Singh and James H. Anderson and Mohamed G. Gouda},
  title     = {The Elusive Atomic Register},
  journal   = {Journal of the {ACM}},
  year      = {1994},
  volume    = {41},
  number    = {2},
  pages     = {311--339},
  bibsource = {dblp computer science bibliography, http://dblp.org},
  biburl    = {http://dblp.uni-trier.de/rec/bib/journals/jacm/SinghAG94},
  doi       = {10.1145/174652.174657},
  timestamp = {Thu, 20 Nov 2003 12:28:22 +0100},
}

@Article{Dolev97,
  author    = {Danny Dolev and Nir Shavit},
  title     = {Bounded Concurrent Time-Stamping},
  journal   = {{SIAM} Journal on Scientific Computing},
  year      = {1997},
  volume    = {26},
  number    = {2},
  pages     = {418--455},
  bibsource = {dblp computer science bibliography, http://dblp.org},
  biburl    = {http://dblp.uni-trier.de/rec/bib/journals/siamcomp/DolevS97},
  doi       = {10.1137/S0097539790192647},
  timestamp = {Mon, 12 Sep 2011 16:10:07 +0200},
}

@Comment{jabref-meta: databaseType:bibtex;}
