% Encoding: UTF-8

@InProceedings{Dang16,
  author        = {Hoang{-}Vu Dang and Marc Snir and William Gropp},
  title         = {Towards millions of communicating threads},
  booktitle     = {Proceedings of the 23rd European {MPI} Users' Group Meeting (EuroMPI)},
  year          = {2016},
  editor        = {Jack Dongarra and Daniel Holmes and Antonia B. K. Collis and Jesper Larsson Tr{\"{a}}ff and Lorna Smith},
  pages         = {1--14},
  publisher     = {{ACM}},
  __markedentry = {[sascha:6]},
  bibsource     = {dblp computer science bibliography, http://dblp.org},
  biburl        = {http://dblp.dagstuhl.de/rec/bib/conf/pvm/DangSG16},
  doi           = {10.1145/2966884.2966914},
}

@Comment{jabref-meta: databaseType:bibtex;}
